<?xml version="1.0" encoding="UTF-8"?>
<record>
  <leader>10208nam a22005173i 4500</leader>
  <controlfield tag="001">99371360677806441</controlfield>
  <controlfield tag="005">20260415123729.0</controlfield>
  <controlfield tag="006">m     o  d |      </controlfield>
  <controlfield tag="007">cr#cnu||||||||</controlfield>
  <controlfield tag="008">220216s2022    xx      o     ||||0 fre d</controlfield>
  <datafield tag="020" ind1=" " ind2=" ">
    <subfield code="a">9781119842125</subfield>
  </datafield>
  <datafield tag="020" ind1=" " ind2=" ">
    <subfield code="a">1119842123</subfield>
  </datafield>
  <datafield tag="020" ind1=" " ind2=" ">
    <subfield code="a">9781119842101</subfield>
  </datafield>
  <datafield tag="020" ind1=" " ind2=" ">
    <subfield code="a">1119842107</subfield>
  </datafield>
  <datafield tag="020" ind1=" " ind2=" ">
    <subfield code="a">9781119842118</subfield>
  </datafield>
  <datafield tag="020" ind1=" " ind2=" ">
    <subfield code="a">1119842115</subfield>
  </datafield>
  <datafield tag="024" ind1="7" ind2=" ">
    <subfield code="a">1002/9781119842125</subfield>
    <subfield code="2">doi</subfield>
  </datafield>
  <datafield tag="035" ind1=" " ind2=" ">
    <subfield code="a">(PPN)275774066</subfield>
  </datafield>
  <datafield tag="035" ind1=" " ind2=" ">
    <subfield code="a">(MiAaPQ)EBC6886051</subfield>
  </datafield>
  <datafield tag="035" ind1=" " ind2=" ">
    <subfield code="a">(Au-PeEL)EBL6886051</subfield>
  </datafield>
  <datafield tag="035" ind1=" " ind2=" ">
    <subfield code="a">(CKB)21167526500041</subfield>
  </datafield>
  <datafield tag="035" ind1=" " ind2=" ">
    <subfield code="a">(NjHacI)9921167526500041</subfield>
  </datafield>
  <datafield tag="035" ind1=" " ind2=" ">
    <subfield code="a">(Perlego)3261489</subfield>
  </datafield>
  <datafield tag="035" ind1=" " ind2=" ">
    <subfield code="a">(OCoLC)1298389577</subfield>
  </datafield>
  <datafield tag="035" ind1=" " ind2=" ">
    <subfield code="a">(EXLCZ)9921167526500041</subfield>
  </datafield>
  <datafield tag="040" ind1=" " ind2=" ">
    <subfield code="a">MiAaPQ</subfield>
    <subfield code="b">eng</subfield>
    <subfield code="e">rda</subfield>
    <subfield code="e">pn</subfield>
    <subfield code="c">MiAaPQ</subfield>
    <subfield code="d">MiAaPQ</subfield>
  </datafield>
  <datafield tag="050" ind1=" " ind2="4">
    <subfield code="a">GB661.2</subfield>
    <subfield code="b">.H937 2022</subfield>
  </datafield>
  <datafield tag="082" ind1="0" ind2="4">
    <subfield code="a">551.48</subfield>
    <subfield code="2">23</subfield>
  </datafield>
  <datafield tag="100" ind1="1" ind2=" ">
    <subfield code="a">Tshimanga, Raphael M.</subfield>
  </datafield>
  <datafield tag="245" ind1="1" ind2="0">
    <subfield code="a">Hydrologie, Climat et Biogeochimie du Bassin du Congo :</subfield>
    <subfield code="b">Une Base Pour L'Avenir.</subfield>
  </datafield>
  <datafield tag="250" ind1=" " ind2=" ">
    <subfield code="a">1st ed.</subfield>
  </datafield>
  <datafield tag="264" ind1=" " ind2="1">
    <subfield code="a">Newark :</subfield>
    <subfield code="b">American Geophysical Union,</subfield>
    <subfield code="c">2022.</subfield>
  </datafield>
  <datafield tag="264" ind1=" " ind2="4">
    <subfield code="c">©2022.</subfield>
  </datafield>
  <datafield tag="300" ind1=" " ind2=" ">
    <subfield code="a">1 online resource (621 pages)</subfield>
  </datafield>
  <datafield tag="336" ind1=" " ind2=" ">
    <subfield code="a">text</subfield>
    <subfield code="b">txt</subfield>
    <subfield code="2">rdacontent</subfield>
  </datafield>
  <datafield tag="337" ind1=" " ind2=" ">
    <subfield code="a">computer</subfield>
    <subfield code="b">c</subfield>
    <subfield code="2">rdamedia</subfield>
  </datafield>
  <datafield tag="338" ind1=" " ind2=" ">
    <subfield code="a">online resource</subfield>
    <subfield code="b">cr</subfield>
    <subfield code="2">rdacarrier</subfield>
  </datafield>
  <datafield tag="490" ind1="1" ind2=" ">
    <subfield code="a">Geophysical Monograph</subfield>
  </datafield>
  <datafield tag="505" ind1="0" ind2=" ">
    <subfield code="a">Liste des contributeurs ix Préface xvii 1 Recherche sur le bassin du Congo : construire une base pour l'avenir 1Raphael M. Tshimanga, Guy D. Moukandi N'kaya, Alain Laraque, Sharon E. Nicholson, Jean-Marie Kileshye Onema, Raymond Lumbuenamo, et Douglas Alsdorf Partie I Influences sur la pluviométrie 2 Climat de l'Afrique centrale : avancées et lacunes 15Wilfried Pokam Mba, Derbetini Appolinaire Vondou, et Pierre Honore Kamsu-Tamo 3 Le régime pluviométrique et convectif sur l'Afrique équatoriale, en particulier sur le bassin du Congo 25Sharon E. Nicholson 4 Influence de la paramétrisation du «slab-ocean» dans le modèle climatique regional RegCM4 en Afrique centrale 51François Xavier Mengouna, Derbetini A. Vondou, Armand Joel Komkoua Mbienda, Thierry C. Fotso-Nguemo, Denis Sonkoué, Zéphirin Yepdo-Djomou, et Pascal M. Igri 5 Comprendre l'influence de la variabilité climatique sur l'hydrologie des eaux de surface dans le bassin du Congo 65Christopher E. Ndehedehe, Vagner G. Ferreira, Augusto Getirana, et Nathan O. Agutu 6 Dynamique hydroclimatique de la rivière Oubangui amont à Mobaye, République centrafricaine : étude comparée du rôle de la savane et de la forêt équatoriale 87Cyriaque-Rufin Nguimalet, Didier Orange, Jean-Pascal Waterendji, et Athanase Yambele 7 Évaluation des produits 3B42 et 3B43 de Tropical Rainfall Measuring Mission (TRMM) par rapport aux observations des stations météorologiques synoptiques sur le Cameroun 103Pascal M. Igri, Roméo Stève Tanessong, Derbetini Appolinaire Vondou, Wilfried Pokam Mba, Taguemfo Kammalac Jores, Samuel Kaïssassou, Guy Merlin Guenang, Armand Joel Komkoua Mbienda, et Zéphirin Yepdo-Djomou Partie II Variations des pluviométrie et du ruissellement 8 Nouveau regard sur l'hydrologie dans le bassin du Congo, à partir de l'étude des chroniques hydro-pluviométriques pluri-décennales 129Guy D. Moukandi N'kaya, Alain Laraque, Jean-Emmanuel Paturel, Georges Gulemvuga Guzanga, Gil Mahé, et Raphael M. Tshimanga 9 Changements historiques dans les régimes pluviométriques sur le bassin du Congo et impacts sur le ruissellement (1903-2010) 151Christopher E. Ndehedehe et Nathan O. Agutu 10 Bilan hydrique et sécheresses dans les conditions actuelles et futures dans le bassin du fleuve Congo 171Venkataramana Sridhar, Hyunwoo Kang, Syed A. Ali, Gode B. Bola, Raphael M. Tshimanga, et Venkataraman Lakshmi 11 Variabilité spatio-temporelle des sécheresses dans le bassin du fleuve Congo : le rôle du transport de l'humidité atmosphérique 193Robert Sorí, Milica Stojanovic, Raquel Nieto, Margarida L. R. Liberato, et Luis Gimeno Partie III Hydrologie et hydraulique 12 Deux décennies de la modélisation et la prédiction hydrologiques dans le bassin du Congo : progrès et perspectives pour les investigations futures 213Raphael M. Tshimanga 13 Sources et puits d'eau des zones humides de la Cuvette Centrale en utilisant de multiples mesures de télédétection et un modèle hydrologique 245Ting Yuan, Hyongki Lee, R. Edward Beighley, Hahn Chul Jung, et Raphael M. Tshimanga 14 Analyse du rôle de la Cuvette Centrale dans l'hydrologie du bassin versant du Congo 255Pankyes Datok, Clément Fabre, Sabine Sauvage, Guy D. Moukandi N'kaya, Adrien Paris, Vanessa Dos Santos, Alain Laraque, et José-Miguel Sánchez-Pérez 15 Estimation de la bathymétrie pour la modélisation de l'hydraulique des canaux multifilaires : application au cours moyen du fleuve Congo 283Andrew B. Carr, Mark A. Trigg, Raphael M. Tshimanga, Mark W. Smith, Duncan J. Borman, et Paul D. Bates 16 Examen des applications des techniques de télédétection à la recherche hydrologique en Afrique subsaharienne, avec un accent particulier sur le bassin du Congo 303Guy J.-P. Schumann, Delwyn K. Moller, Louise Croneborg-Jones, et Konstantinos M. Andreadis 17 Hydrologie spatiale et applications dans le bassin du Congo 333Christophe Brachet, Alice Andral, Georges Gulemvuga Guzanga, Blaise-Leandre Tondo, Pierre-Olivier Malaterre, et Sebastien Legrand 18 Suivi des variables hydrologiques par télédétection et modélisation dans le basin du fleuve Congo 345Adrien Paris, Stéphane Calmant, Marielle Gosset, Ayan S. Fleischmann, Tainá Sampaio Xavier Conchy, Pierre-André Garambois, Jean-Pierre Bricquet, Fabrice Papa, Raphael M. Tshimanga, Georges Gulemvuga Guzanga, Vinícius Alencar Siqueira, Blaise-Leandre Tondo, Rodrigo Paiva, Joecila Santos da Silva, et Alain Laraque 19 Variations hydrologiques à long terme du bassin de l'Ogooué 375Sakaros Bogning, Fréderic Frappart, Gil Mahé, Fernando Niño, Adrien Paris, Joëlle Sihon, Franck Ghomsi, Fabien Blarel, Jean-Pierre Bricquet, Raphaël Onguene, Jacques Etame, Frédérique Seyler, Marie-Claire Paiz, et Jean-Jacques Braun Partie IV Sédiments et carbone 20 Dynamique du carbone fluvial dans le continuum terre-océan des grands fleuves tropicaux : l'Amazone et le Congo 403Jeffrey E. Richey, Robert G. M. Spencer, Travis W. Drake, et Nicholas D. Ward 21 Mesure des changements géomorphologiques sur le fleuve Congo à l'aide de cartes de navigation centenaires 425Mark A. Trigg, Andrew B. Carr, Mark W. Smith, et Raphael M. Tshimanga 22 Sélection du site, conception et mise en oeuvre d'un programme d'échantillonnage des sédiments sur le fleuve Kasaï, un affluent majeur du fleuve Congo 441Catherine A. Mushi, Preksedis M. Ndomba, Raphael M. Tshimanga, Mark A. Trigg, Jeffrey Neal, Gode B. Bola, Pierre Mulamba Kabuya, Andrew B. Carr, Jules T. Beya, Paul D. Bates, et Felix Mtalo 23 Nouvelles mesures de la dynamique de l'eau et du transport des sédiments le long du bief moyen du fleuve Congo et de la rivière Kasaï 463Raphael M. Tshimanga, Mark A. Trigg, Jeffrey Neal, Preksedis M. Ndomba, Denis A. Hughes, Andrew B. Carr, Pierre Mulamba Kabuya, Gode B. Bola, Catherine A. Mushi, Jules T. Beya, Felly K. Ngandu, Gabriel M. Mokango, Felix Mtalo, et Paul D. Bates Partie V Ressources en eau 24 Vers un cadre de classification des bassins versants pour les prévisions hydrologiques et la gestion des ressources en eau dans le bassin non jaugé du fleuve Congo : une approche a priori 487Raphael M. Tshimanga, Gode B. Bola, Pierre Mulamba Kabuya, Landry Nkaba, Jeffrey Neal, Laurence Hawker, Mark A. Trigg, Paul D. Bates, Denis A. Hughes, Alain Laraque, Ross Woods, et Thorsten Wagener 25 Les enjeux environnementaux du projet de transfert d'eau de l'Oubangui vers le lac Tchad 517Chanel Nzango, Pascal Bartout, Laurent Touchart, et Cyriaque-Rufin Nguimalet 26 Variabilite du lac Tchad : quelle gestion hydraulique pour preserver les ressources naturelles ? 531Hadiza Kiari Fougou et Jacques Lemoalle 27 Evaluation des risques d'inondation à périodes de retour multiples dans le bassin du fleuve Congo 537Gode B. Bola, Raphael M. Tshimanga, Jeffrey Neal, Laurence Hawker, Mark A. Trigg, Lukanda Mwamba, et Paul D. Bates 28 Mettre les usagers de la rivière au coeur de la recherche sur l'hydraulique et la morphologie dans le bassin du Congo 561Mark A. Trigg, Raphael M. Tshimanga, Preksedis M. Ndomba, Felix Mtalo, Denis A. Hughes, Catherine A. Mushi, Gode B. Bola, Pierre Mulamba Kabuya, Andrew B. Carr, Mark Bernhofen, Jeffrey Neal, Jules T. Beya, Felly K. Ngandu, et Paul D. Bates Index.</subfield>
  </datafield>
  <datafield tag="520" ind1=" " ind2=" ">
    <subfield code="a">Nouvelles découvertes scientifiques dans le bassin du Congo grâce à des collaborations internationales. Le Congo est le deuxième plus grand bassin fluvial du monde et abrite 120 millions d'habitants. La compréhension du cycle de l'eau, des sédiments et des nutriments est importante car la région est confrontée à des changements climatiques et anthropiques. Hydrologie, climat et biogéochimie du bassin du Congo: une base pour l'avenir explore les variations et les influences sur les précipitations, l'hydrologie et l'hydraulique, et la dynamique des sédiments et du carbone. Il présente des contributions d'experts de la région et de leurs collaborateurs internationaux.</subfield>
  </datafield>
  <datafield tag="588" ind1=" " ind2=" ">
    <subfield code="a">Description based on publisher supplied metadata and other sources.</subfield>
  </datafield>
  <datafield tag="650" ind1=" " ind2="0">
    <subfield code="a">Hydrology.</subfield>
  </datafield>
  <datafield tag="650" ind1=" " ind2="0">
    <subfield code="a">Climatology.</subfield>
  </datafield>
  <datafield tag="700" ind1="1" ind2=" ">
    <subfield code="a">Moukandi, Guy.</subfield>
  </datafield>
  <datafield tag="700" ind1="1" ind2=" ">
    <subfield code="a">Alsdorf, Douglas.</subfield>
  </datafield>
  <datafield tag="776" ind1="0" ind2="8">
    <subfield code="z">9781119842095</subfield>
  </datafield>
  <datafield tag="776" ind1="0" ind2="8">
    <subfield code="z">1119842093</subfield>
  </datafield>
  <datafield tag="830" ind1=" " ind2="0">
    <subfield code="a">Geophysical Monograph</subfield>
  </datafield>
  <datafield tag="906" ind1=" " ind2=" ">
    <subfield code="a">BOOK</subfield>
  </datafield>
  <datafield tag="MBD" ind1=" " ind2=" ">
    <subfield code="M">49HBZ_NETWORK</subfield>
    <subfield code="i">99371360677806441</subfield>
    <subfield code="n">HBZ Network</subfield>
  </datafield>
  <datafield tag="MBD" ind1=" " ind2=" ">
    <subfield code="M">49HBZ_BRS</subfield>
    <subfield code="i">991005991340006452</subfield>
    <subfield code="n">Hochschule Bonn-Rhein-Sieg</subfield>
  </datafield>
  <datafield tag="MBD" ind1=" " ind2=" ">
    <subfield code="M">49HBZ_KHO</subfield>
    <subfield code="i">991007171097106474</subfield>
    <subfield code="n">Katholische Hochschule Nordrhein-Westfalen</subfield>
  </datafield>
  <datafield tag="MBD" ind1=" " ind2=" ">
    <subfield code="M">49HBZ_UDE</subfield>
    <subfield code="i">99208935149306446</subfield>
    <subfield code="n">Universität Duisburg-Essen</subfield>
  </datafield>
  <datafield tag="MBD" ind1=" " ind2=" ">
    <subfield code="M">49HBZ_PAD</subfield>
    <subfield code="i">9925036202506463</subfield>
    <subfield code="n">Universitätsbibliothek Paderborn</subfield>
  </datafield>
  <datafield tag="MNG" ind1=" " ind2=" ">
    <subfield code="c">system</subfield>
    <subfield code="f">CKB</subfield>
    <subfield code="i">marc21</subfield>
    <subfield code="l">104</subfield>
    <subfield code="e">false</subfield>
    <subfield code="d">2026-04-23 00:14:56 Europe/Berlin</subfield>
    <subfield code="g">9921167526500041</subfield>
    <subfield code="a">System</subfield>
    <subfield code="b">2022-05-16 02:05:23 Europe/Berlin</subfield>
  </datafield>
  <datafield tag="POR" ind1=" " ind2=" ">
    <subfield code="j">Wiley Online Library</subfield>
    <subfield code="x">System</subfield>
    <subfield code="a">53108691550006452</subfield>
    <subfield code="M">49HBZ_BRS</subfield>
    <subfield code="p">6183814950006452</subfield>
    <subfield code="q">Wiley Online Library eBooks</subfield>
    <subfield code="c">param</subfield>
    <subfield code="o">615410000000002415</subfield>
    <subfield code="y">2025-08-23 23:27:03 Europe/Berlin</subfield>
    <subfield code="w">2025-08-23 23:26:56 Europe/Berlin</subfield>
    <subfield code="D">https://eu04.alma.exlibrisgroup.com/view/uresolver/49HBZ_NETWORK/openurl?u.ignore_date_coverage=true&amp;portfolio_pid=53108691550006452&amp;Force_direct=true</subfield>
    <subfield code="v">System</subfield>
    <subfield code="z">2025-08-23 21:26:56</subfield>
    <subfield code="i">false</subfield>
    <subfield code="t">POL-2023-6374</subfield>
    <subfield code="S">6283814940006452</subfield>
    <subfield code="d">https://hbz-network.userservices.exlibrisgroup.com/view/uresolver/49HBZ_NETWORK/openurl?u.ignore_date_coverage=true&amp;rft.mms_id=991005991340006452</subfield>
    <subfield code="b">Available</subfield>
    <subfield code="f">BOOK</subfield>
    <subfield code="8">53108691550006452</subfield>
  </datafield>
  <datafield tag="POR" ind1=" " ind2=" ">
    <subfield code="j">Wiley Online Library</subfield>
    <subfield code="x">System</subfield>
    <subfield code="a">5335116340006474</subfield>
    <subfield code="M">49HBZ_KHO</subfield>
    <subfield code="p">6134969350006474</subfield>
    <subfield code="q">Wiley Online Library UBCM All Ebooks with German Language Titles</subfield>
    <subfield code="c">param</subfield>
    <subfield code="o">615290000000000032</subfield>
    <subfield code="y">2025-01-01 00:05:20 Europe/Berlin</subfield>
    <subfield code="w">2024-01-16 10:20:30 Europe/Berlin</subfield>
    <subfield code="D">https://eu04.alma.exlibrisgroup.com/view/uresolver/49HBZ_NETWORK/openurl?u.ignore_date_coverage=true&amp;portfolio_pid=5335116340006474&amp;Force_direct=true</subfield>
    <subfield code="v">System</subfield>
    <subfield code="z">2024-01-16 09:20:30</subfield>
    <subfield code="i">false</subfield>
    <subfield code="g">Aachen</subfield>
    <subfield code="t">POL2024-670</subfield>
    <subfield code="S">6234979350006474</subfield>
    <subfield code="d">https://hbz-network.userservices.exlibrisgroup.com/view/uresolver/49HBZ_NETWORK/openurl?u.ignore_date_coverage=true&amp;rft.mms_id=991007171097106474</subfield>
    <subfield code="b">Not Available</subfield>
    <subfield code="f">BOOK</subfield>
    <subfield code="8">5335116340006474</subfield>
  </datafield>
  <datafield tag="POR" ind1=" " ind2=" ">
    <subfield code="j">Wiley Online Library</subfield>
    <subfield code="x">System</subfield>
    <subfield code="a">53477215450006446</subfield>
    <subfield code="M">49HBZ_UDE</subfield>
    <subfield code="k">Zugriff für autorisierte Nutzer:innen</subfield>
    <subfield code="p">61477064770006446</subfield>
    <subfield code="q">Wiley Online Library (Zugriff bis 31.12.2026)</subfield>
    <subfield code="c">param</subfield>
    <subfield code="o">613800000000000228</subfield>
    <subfield code="y">2024-02-02 14:23:27 Europe/Berlin</subfield>
    <subfield code="w">2024-02-02 14:23:27 Europe/Berlin</subfield>
    <subfield code="D">https://eu04.alma.exlibrisgroup.com/view/uresolver/49HBZ_NETWORK/openurl?u.ignore_date_coverage=true&amp;portfolio_pid=53477215450006446&amp;Force_direct=true</subfield>
    <subfield code="v">System</subfield>
    <subfield code="z">2024-02-02 13:23:27</subfield>
    <subfield code="i">false</subfield>
    <subfield code="S">62477064760006446</subfield>
    <subfield code="d">https://hbz-network.userservices.exlibrisgroup.com/view/uresolver/49HBZ_NETWORK/openurl?u.ignore_date_coverage=true&amp;rft.mms_id=99208935149306446</subfield>
    <subfield code="b">Available</subfield>
    <subfield code="f">BOOK</subfield>
    <subfield code="8">53477215450006446</subfield>
  </datafield>
  <datafield tag="POR" ind1=" " ind2=" ">
    <subfield code="j">Wiley Online Library</subfield>
    <subfield code="x">System</subfield>
    <subfield code="a">53170536600006463</subfield>
    <subfield code="M">49HBZ_PAD</subfield>
    <subfield code="p">61165840100006463</subfield>
    <subfield code="q">Wiley Online Library - AutoHoldings Books</subfield>
    <subfield code="c">param</subfield>
    <subfield code="o">615410000000002415</subfield>
    <subfield code="y">2022-08-02 12:28:25 Europe/Berlin</subfield>
    <subfield code="w">2022-08-02 12:28:08 Europe/Berlin</subfield>
    <subfield code="D">https://eu04.alma.exlibrisgroup.com/view/uresolver/49HBZ_NETWORK/openurl?u.ignore_date_coverage=true&amp;portfolio_pid=53170536600006463&amp;Force_direct=true</subfield>
    <subfield code="v">System</subfield>
    <subfield code="z">2022-08-02 10:28:08</subfield>
    <subfield code="i">false</subfield>
    <subfield code="S">62165840090006463</subfield>
    <subfield code="d">https://hbz-network.userservices.exlibrisgroup.com/view/uresolver/49HBZ_NETWORK/openurl?u.ignore_date_coverage=true&amp;rft.mms_id=9925036202506463</subfield>
    <subfield code="b">Available</subfield>
    <subfield code="f">BOOK</subfield>
    <subfield code="8">53170536600006463</subfield>
  </datafield>
</record>
